@article{Allanach:2001kg,
      author         = "Allanach, B. C.",
      title          = "{SOFTSUSY: a program for calculating supersymmetric
                        spectra}",
      journal        = "Comput. Phys. Commun.",
      volume         = "143",
      year           = "2002",
      pages          = "305-331",
      doi            = "10.1016/S0010-4655(01)00460-X",
      eprint         = "hep-ph/0104145",
      archivePrefix  = "arXiv",
      primaryClass   = "hep-ph",
      reportNumber   = "CERN-TH-2001-102",
      SLACcitation   = "%%CITATION = HEP-PH/0104145;%%"
}
@article{Allanach:2017hcf,
      author         = "Allanach, B. C. and Cridge, T.",
      title          = "{The Calculation of Sparticle and Higgs Decays in the
                        Minimal and Next-to-Minimal Supersymmetric Standard
                        Models: SOFTSUSY4.0}",
      year           = "2017",
      eprint         = "1703.09717",
      archivePrefix  = "arXiv",
      primaryClass   = "hep-ph",
      SLACcitation   = "%%CITATION = ARXIV:1703.09717;%%"
}
@article{Allanach:2013kza,
      author         = "Allanach, B. C. and Athron, P. and Tunstall, Lewis C. and
                        Voigt, A. and Williams, A. G.",
      title          = "{Next-to-Minimal SOFTSUSY}",
      journal        = "Comput. Phys. Commun.",
      volume         = "185",
      year           = "2014",
      pages          = "2322-2339",
      doi            = "10.1016/j.cpc.2014.04.015",
      eprint         = "1311.7659",
      archivePrefix  = "arXiv",
      primaryClass   = "hep-ph",
      reportNumber   = "ADP-13-33-T853",
      SLACcitation   = "%%CITATION = ARXIV:1311.7659;%%"
}
@article{Allanach:2009bv,
      author         = "Allanach, B. C. and Bernhardt, M. A.",
      title          = "{Including R-parity violation in the numerical
                        computation of the spectrum of the minimal supersymmetric
                        standard model: SOFTSUSY}",
      journal        = "Comput. Phys. Commun.",
      volume         = "181",
      year           = "2010",
      pages          = "232-245",
      doi            = "10.1016/j.cpc.2009.09.015",
      eprint         = "0903.1805",
      archivePrefix  = "arXiv",
      primaryClass   = "hep-ph",
      reportNumber   = "DAMTP-2009-23",
      SLACcitation   = "%%CITATION = ARXIV:0903.1805;%%"
}
@article{Allanach:2011de,
      author         = "Allanach, B. C. and Kom, C. H. and Hanussek, M.",
      title          = "{Computation of Neutrino Masses in R-parity Violating
                        Supersymmetry: SOFTSUSY3.2}",
      journal        = "Comput. Phys. Commun.",
      volume         = "183",
      year           = "2012",
      pages          = "785-793",
      doi            = "10.1016/j.cpc.2011.11.024",
      eprint         = "1109.3735",
      archivePrefix  = "arXiv",
      primaryClass   = "hep-ph",
      SLACcitation   = "%%CITATION = ARXIV:1109.3735;%%"
}
@article{Allanach:2014nba,
      author         = "Allanach, B. C. and Bednyakov, A. and Ruiz de Austri, R.",
      title          = "{Higher order corrections and unification in the minimal
                        supersymmetric standard model: SOFTSUSY3.5}",
      journal        = "Comput. Phys. Commun.",
      volume         = "189",
      year           = "2015",
      pages          = "192-206",
      doi            = "10.1016/j.cpc.2014.12.006",
      eprint         = "1407.6130",
      archivePrefix  = "arXiv",
      primaryClass   = "hep-ph",
      reportNumber   = "DAMTP-2014-42, IFIC-14-47",
      SLACcitation   = "%%CITATION = ARXIV:1407.6130;%%"
}
@article{Allanach:2016rxd,
      author         = "Allanach, B. C. and Martin, Stephen P. and Robertson,
                        David G. and de Austri, Roberto Ruiz",
      title          = "{The Inclusion of Two-Loop SUSYQCD Corrections to Gluino
                        and Squark Pole Masses in the Minimal and Next-to-Minimal
                        Supersymmetric Standard Model: SOFTSUSY3.7}",
      year           = "2016",
      eprint         = "1601.06657",
      archivePrefix  = "arXiv",
      primaryClass   = "hep-ph",
      SLACcitation   = "%%CITATION = ARXIV:1601.06657;%%"
}