@article{Allanach:2008zn,
      author         = "Allanach, B. C.",
      title          = "{SUSY Predictions and SUSY Tools at the LHC}",
      journal        = "Eur. Phys. J.",
      volume         = "C59",
      year           = "2009",
      pages          = "427-443",
      doi            = "10.1140/epjc/s10052-008-0695-2",
      eprint         = "0805.2088",
      archivePrefix  = "arXiv",
      primaryClass   = "hep-ph",
      SLACcitation   = "%%CITATION = ARXIV:0805.2088;%%"
}
@article{Djouadi:2002ze,
      author         = "Djouadi, Abdelhak and Kneur, Jean-Loic and Moultaka,
                        Gilbert",
      title          = "{SuSpect: A Fortran code for the supersymmetric and Higgs
                        particle spectrum in the MSSM}",
      journal        = "Comput. Phys. Commun.",
      volume         = "176",
      year           = "2007",
      pages          = "426-455",
      doi            = "10.1016/j.cpc.2006.11.009",
      eprint         = "hep-ph/0211331",
      archivePrefix  = "arXiv",
      primaryClass   = "hep-ph",
      reportNumber   = "PM-02-39, CERN-TH-2002-325",
      SLACcitation   = "%%CITATION = HEP-PH/0211331;%%"
}
@article{Paige:2003mg,
      author         = "Paige, Frank E. and Protopopescu, Serban D. and Baer,
                        Howard and Tata, Xerxes",
      title          = "{ISAJET 7.69: A Monte Carlo event generator for pp,
                        anti-p p, and e+e- reactions}",
      year           = "2003",
      eprint         = "hep-ph/0312045",
      archivePrefix  = "arXiv",
      primaryClass   = "hep-ph",
      SLACcitation   = "%%CITATION = HEP-PH/0312045;%%"
}
@article{Ellwanger:2004xm,
      author         = "Ellwanger, Ulrich and Gunion, John F. and Hugonie, Cyril",
      title          = "{NMHDECAY: A Fortran code for the Higgs masses, couplings
                        and decay widths in the NMSSM}",
      journal        = "JHEP",
      volume         = "02",
      year           = "2005",
      pages          = "066",
      doi            = "10.1088/1126-6708/2005/02/066",
      eprint         = "hep-ph/0406215",
      archivePrefix  = "arXiv",
      primaryClass   = "hep-ph",
      reportNumber   = "LPT-ORSAY-04-32, UCD-04-22, IFIC-04-33",
      SLACcitation   = "%%CITATION = HEP-PH/0406215;%%"
}
@article{Athron:2014yba,
      author         = "Athron, Peter and Park, Jae-hyeon and Stöckinger,
                        Dominik and Voigt, Alexander",
      title          = "{FlexibleSUSY—A spectrum generator generator for
                        supersymmetric models}",
      journal        = "Comput. Phys. Commun.",
      volume         = "190",
      year           = "2015",
      pages          = "139-172",
      doi            = "10.1016/j.cpc.2014.12.020",
      eprint         = "1406.2319",
      archivePrefix  = "arXiv",
      primaryClass   = "hep-ph",
      reportNumber   = "FTUV-14-3904, IFIC-14-40",
      SLACcitation   = "%%CITATION = ARXIV:1406.2319;%%"
}
@article{Ellwanger:2006rn,
      author         = "Ellwanger, Ulrich and Hugonie, Cyril",
      title          = "{NMSPEC: A Fortran code for the sparticle and Higgs
                        masses in the NMSSM with GUT scale boundary conditions}",
      journal        = "Comput. Phys. Commun.",
      volume         = "177",
      year           = "2007",
      pages          = "399-407",
      doi            = "10.1016/j.cpc.2007.05.001",
      eprint         = "hep-ph/0612134",
      archivePrefix  = "arXiv",
      primaryClass   = "hep-ph",
      reportNumber   = "LPT-ORSAY-06-79, LPTA-MONTPELLIER-06-6",
      SLACcitation   = "%%CITATION = HEP-PH/0612134;%%"
}
@article{Staub:2008uz,
      author         = "Staub, F.",
      title          = "{SARAH}",
      year           = "2008",
      eprint         = "0806.0538",
      archivePrefix  = "arXiv",
      primaryClass   = "hep-ph",
      SLACcitation   = "%%CITATION = ARXIV:0806.0538;%%"
}
@article{Staub:2015aea,
      author         = "Staub, Florian and Athron, Peter and Ellwanger, Ulrich
                        and Gröber, Ramona and Mühlleitner, Margarete and
                        Slavich, Pietro and Voigt, Alexander",
      title          = "{Higgs mass predictions of public NMSSM spectrum
                        generators}",
      journal        = "Comput. Phys. Commun.",
      volume         = "202",
      year           = "2016",
      pages          = "113-130",
      doi            = "10.1016/j.cpc.2016.01.005",
      eprint         = "1507.05093",
      archivePrefix  = "arXiv",
      primaryClass   = "hep-ph",
      reportNumber   = "CERN-PH-TH-2015-164, DESY-15-122, KA-TP-16-2015,
                        LPT-ORSAY-15-54, RM3-TH-15-11, COEPP-MN-15-8,
                        --RM3-TH-15-11",
      SLACcitation   = "%%CITATION = ARXIV:1507.05093;%%"
}
@article{Djouadi:2006bz,
      author         = "Djouadi, A. and Muhlleitner, M. M. and Spira, M.",
      title          = "{Decays of supersymmetric particles: The Program SUSY-HIT
                        (SUspect-SdecaY-Hdecay-InTerface)}",
      booktitle      = "{Physics at LHC. Proceedings, 3rd Conference, Cracow,
                        Poland, July 3-8, 2006}",
      journal        = "Acta Phys. Polon.",
      volume         = "B38",
      year           = "2007",
      pages          = "635-644",
      eprint         = "hep-ph/0609292",
      archivePrefix  = "arXiv",
      primaryClass   = "hep-ph",
      reportNumber   = "CERN-PH-TH-2006-200",
      SLACcitation   = "%%CITATION = HEP-PH/0609292;%%"
}
@article{Sjostrand:2014zea,
      author         = "Sjöstrand, Torbjörn and Ask, Stefan and Christiansen,
                        Jesper R. and Corke, Richard and Desai, Nishita and Ilten,
                        Philip and Mrenna, Stephen and Prestel, Stefan and
                        Rasmussen, Christine O. and Skands, Peter Z.",
      title          = "{An Introduction to PYTHIA 8.2}",
      journal        = "Comput. Phys. Commun.",
      volume         = "191",
      year           = "2015",
      pages          = "159-177",
      doi            = "10.1016/j.cpc.2015.01.024",
      eprint         = "1410.3012",
      archivePrefix  = "arXiv",
      primaryClass   = "hep-ph",
      reportNumber   = "LU-TP-14-36, MCNET-14-22, CERN-PH-TH-2014-190,
                        FERMILAB-PUB-14-316-CD, DESY-14-178, SLAC-PUB-16122",
      SLACcitation   = "%%CITATION = ARXIV:1410.3012;%%"
}
@article{Bahr:2008pv,
      author         = "Bahr, M. and others",
      title          = "{Herwig++ Physics and Manual}",
      journal        = "Eur. Phys. J.",
      volume         = "C58",
      year           = "2008",
      pages          = "639-707",
      doi            = "10.1140/epjc/s10052-008-0798-9",
      eprint         = "0803.0883",
      archivePrefix  = "arXiv",
      primaryClass   = "hep-ph",
      reportNumber   = "CERN-PH-TH-2008-038, CAVENDISH-HEP-08-03, KA-TP-05-2008,
                        DCPT-08-22, IPPP-08-11, CP3-08-05",
      SLACcitation   = "%%CITATION = ARXIV:0803.0883;%%"
}
@article{Djouadi:1997yw,
      author         = "Djouadi, A. and Kalinowski, J. and Spira, M.",
      title          = "{HDECAY: A Program for Higgs boson decays in the standard
                        model and its supersymmetric extension}",
      journal        = "Comput. Phys. Commun.",
      volume         = "108",
      year           = "1998",
      pages          = "56-74",
      doi            = "10.1016/S0010-4655(97)00123-9",
      eprint         = "hep-ph/9704448",
      archivePrefix  = "arXiv",
      primaryClass   = "hep-ph",
      reportNumber   = "DESY-97-079, IFT-96-29, PM-97-04",
      SLACcitation   = "%%CITATION = HEP-PH/9704448;%%"
}
@article{Heinemeyer:1998yj,
      author         = "Heinemeyer, S. and Hollik, W. and Weiglein, G.",
      title          = "{FeynHiggs: A Program for the calculation of the masses
                        of the neutral CP even Higgs bosons in the MSSM}",
      journal        = "Comput. Phys. Commun.",
      volume         = "124",
      year           = "2000",
      pages          = "76-89",
      doi            = "10.1016/S0010-4655(99)00364-1",
      eprint         = "hep-ph/9812320",
      archivePrefix  = "arXiv",
      primaryClass   = "hep-ph",
      reportNumber   = "KA-TP-16-1998, DESY-98-193, CERN-TH-98-389",
      SLACcitation   = "%%CITATION = HEP-PH/9812320;%%"
}
@article{deFlorian:2016spz,
      author         = "de Florian, D. and others",
      title          = "{Handbook of LHC Higgs Cross Sections: 4. Deciphering the
                        Nature of the Higgs Sector}",
      collaboration  = "LHC Higgs Cross Section Working Group",
      year           = "2016",
      eprint         = "1610.07922",
      archivePrefix  = "arXiv",
      primaryClass   = "hep-ph",
      reportNumber   = "FERMILAB-FN-1025-T",
      SLACcitation   = "%%CITATION = ARXIV:1610.07922;%%"
}
@article{Allanach:2004rh,
      author         = "Allanach, B. C. and Djouadi, A. and Kneur, J. L. and
                        Porod, W. and Slavich, P.",
      title          = "{Precise determination of the neutral Higgs boson masses
                        in the MSSM}",
      journal        = "JHEP",
      volume         = "09",
      year           = "2004",
      pages          = "044",
      doi            = "10.1088/1126-6708/2004/09/044",
      eprint         = "hep-ph/0406166",
      archivePrefix  = "arXiv",
      primaryClass   = "hep-ph",
      reportNumber   = "MPP-2004-50, LAPTH-1046-04, PM-04-13, ZU-TH-08-04,
                        IFIC-04-21",
      SLACcitation   = "%%CITATION = HEP-PH/0406166;%%"
}
@article{Allanach:2003jw,
      author         = "Allanach, B. C. and Kraml, S. and Porod, W.",
      title          = "{Theoretical uncertainties in sparticle mass predictions
                        from computational tools}",
      journal        = "JHEP",
      volume         = "03",
      year           = "2003",
      pages          = "016",
      doi            = "10.1088/1126-6708/2003/03/016",
      eprint         = "hep-ph/0302102",
      archivePrefix  = "arXiv",
      primaryClass   = "hep-ph",
      reportNumber   = "CERN-TH-2003-029, LAP-TH-963-03, ZU-TH-03-03",
      SLACcitation   = "%%CITATION = HEP-PH/0302102;%%"
}
@article{Porod:2003um,
      author         = "Porod, Werner",
      title          = "{SPheno, a program for calculating supersymmetric
                        spectra, SUSY particle decays and SUSY particle production
                        at e+ e- colliders}",
      journal        = "Comput. Phys. Commun.",
      volume         = "153",
      year           = "2003",
      pages          = "275-315",
      doi            = "10.1016/S0010-4655(03)00222-4",
      eprint         = "hep-ph/0301101",
      archivePrefix  = "arXiv",
      primaryClass   = "hep-ph",
      reportNumber   = "ZU-TH-01-03",
      SLACcitation   = "%%CITATION = HEP-PH/0301101;%%"
}
@article{Allanach:2001kg,
      author         = "Allanach, B. C.",
      title          = "{SOFTSUSY: a program for calculating supersymmetric
                        spectra}",
      journal        = "Comput. Phys. Commun.",
      volume         = "143",
      year           = "2002",
      pages          = "305-331",
      doi            = "10.1016/S0010-4655(01)00460-X",
      eprint         = "hep-ph/0104145",
      archivePrefix  = "arXiv",
      primaryClass   = "hep-ph",
      reportNumber   = "CERN-TH-2001-102",
      SLACcitation   = "%%CITATION = HEP-PH/0104145;%%"
}
@article{Allanach:2013kza,
      author         = "Allanach, B. C. and Athron, P. and Tunstall, Lewis C. and
                        Voigt, A. and Williams, A. G.",
      title          = "{Next-to-Minimal SOFTSUSY}",
      journal        = "Comput. Phys. Commun.",
      volume         = "185",
      year           = "2014",
      pages          = "2322-2339",
      doi            = "10.1016/j.cpc.2014.04.015",
      eprint         = "1311.7659",
      archivePrefix  = "arXiv",
      primaryClass   = "hep-ph",
      reportNumber   = "ADP-13-33-T853",
      SLACcitation   = "%%CITATION = ARXIV:1311.7659;%%"
}
@article{Allanach:2009bv,
      author         = "Allanach, B. C. and Bernhardt, M. A.",
      title          = "{Including R-parity violation in the numerical
                        computation of the spectrum of the minimal supersymmetric
                        standard model: SOFTSUSY}",
      journal        = "Comput. Phys. Commun.",
      volume         = "181",
      year           = "2010",
      pages          = "232-245",
      doi            = "10.1016/j.cpc.2009.09.015",
      eprint         = "0903.1805",
      archivePrefix  = "arXiv",
      primaryClass   = "hep-ph",
      reportNumber   = "DAMTP-2009-23",
      SLACcitation   = "%%CITATION = ARXIV:0903.1805;%%"
}
@article{Allanach:2011de,
      author         = "Allanach, B. C. and Kom, C. H. and Hanussek, M.",
      title          = "{Computation of Neutrino Masses in R-parity Violating
                        Supersymmetry: SOFTSUSY3.2}",
      journal        = "Comput. Phys. Commun.",
      volume         = "183",
      year           = "2012",
      pages          = "785-793",
      doi            = "10.1016/j.cpc.2011.11.024",
      eprint         = "1109.3735",
      archivePrefix  = "arXiv",
      primaryClass   = "hep-ph",
      SLACcitation   = "%%CITATION = ARXIV:1109.3735;%%"
}
@article{Allanach:2014nba,
      author         = "Allanach, B. C. and Bednyakov, A. and Ruiz de Austri, R.",
      title          = "{Higher order corrections and unification in the minimal
                        supersymmetric standard model: SOFTSUSY3.5}",
      journal        = "Comput. Phys. Commun.",
      volume         = "189",
      year           = "2015",
      pages          = "192-206",
      doi            = "10.1016/j.cpc.2014.12.006",
      eprint         = "1407.6130",
      archivePrefix  = "arXiv",
      primaryClass   = "hep-ph",
      reportNumber   = "DAMTP-2014-42, IFIC-14-47",
      SLACcitation   = "%%CITATION = ARXIV:1407.6130;%%"
}
@article{Allanach:2016rxd,
      author         = "Allanach, B. C. and Martin, Stephen P. and Robertson,
                        David G. and de Austri, Roberto Ruiz",
      title          = "{The Inclusion of Two-Loop SUSYQCD Corrections to Gluino
                        and Squark Pole Masses in the Minimal and Next-to-Minimal
                        Supersymmetric Standard Model: SOFTSUSY3.7}",
      year           = "2016",
      eprint         = "1601.06657",
      archivePrefix  = "arXiv",
      primaryClass   = "hep-ph",
      SLACcitation   = "%%CITATION = ARXIV:1601.06657;%%"
}
@article{Skands:2003cj,
      author         = "Skands, Peter Z. and others",
      title          = "{SUSY Les Houches accord: Interfacing SUSY spectrum
                        calculators, decay packages, and event generators}",
      journal        = "JHEP",
      volume         = "07",
      year           = "2004",
      pages          = "036",
      doi            = "10.1088/1126-6708/2004/07/036",
      eprint         = "hep-ph/0311123",
      archivePrefix  = "arXiv",
      primaryClass   = "hep-ph",
      reportNumber   = "LU-TP-03-39, SHEP-03-24, CERN-TH-2003-204, ZU-TH-15-03,
                        LMU-19-03, DCPT-03-108, IPPP-03-54, CTS-IISC-2003-07,
                        DESY-03-166, MPP-2003-111",
      SLACcitation   = "%%CITATION = HEP-PH/0311123;%%"
}
@article{Allanach:2008qq,
      author         = "Allanach, B. C. and others",
      title          = "{SUSY Les Houches Accord 2}",
      journal        = "Comput. Phys. Commun.",
      volume         = "180",
      year           = "2009",
      pages          = "8-25",
      doi            = "10.1016/j.cpc.2008.08.004",
      eprint         = "0801.0045",
      archivePrefix  = "arXiv",
      primaryClass   = "hep-ph",
      reportNumber   = "FERMILAB-PUB-07-036-T, SLAC-PUB-12765,
                        CERN-PH-TH-2007-148, DAMTP-2007-76, EDINBURGH-2007-31,
                        KEK-TH-1170, LAPTH-1204-07, LPT-ORSAY-07-81, SHEP-07-13",
      SLACcitation   = "%%CITATION = ARXIV:0801.0045;%%"
}
@article{Olive:2016xmw,
      author         = "Patrignani, C. and others",
      title          = "{Review of Particle Physics}",
      collaboration  = "Particle Data Group",
      journal        = "Chin. Phys.",
      volume         = "C40",
      year           = "2016",
      number         = "10",
      pages          = "100001",
      doi            = "10.1088/1674-1137/40/10/100001",
      SLACcitation   = "%%CITATION = CHPHD,C40,100001;%%"
}
@book{numRec,
  author    = {William H. Press and Saul A. Teukolsky and William T. Vettering and Brian P. Flannery}, 
  title     = {Numerical Recipes in Fortran 77: The Art of Scientific Computing},
  publisher = {Cambridge University Press},
  year      = 1992,
  volume    = 1,
  isbn      = {052143064X}
}
