@article{Martin:2005qm,
      author         = "Martin, Stephen P. and Robertson, David G.",
      title          = "{TSIL: A Program for the calculation of two-loop
                        self-energy integrals}",
      journal        = "Comput. Phys. Commun.",
      volume         = "174",
      year           = "2006",
      pages          = "133-151",
      doi            = "10.1016/j.cpc.2005.08.005",
      eprint         = "hep-ph/0501132",
      archivePrefix  = "arXiv",
      primaryClass   = "hep-ph",
      reportNumber   = "FERMILAB-PUB-05-683-T",
      SLACcitation   = "%%CITATION = HEP-PH/0501132;%%"
}
@article{Martin:2003qz,
      author         = "Martin, Stephen P.",
      title          = "{Evaluation of two loop selfenergy basis integrals using
                        differential equations}",
      journal        = "Phys. Rev.",
      volume         = "D68",
      year           = "2003",
      pages          = "075002",
      doi            = "10.1103/PhysRevD.68.075002",
      eprint         = "hep-ph/0307101",
      archivePrefix  = "arXiv",
      primaryClass   = "hep-ph",
      reportNumber   = "FERMILAB-PUB-03-202-T",
      SLACcitation   = "%%CITATION = HEP-PH/0307101;%%"
}
@article{Beenakker:2015rna,
      author         = "Beenakker, Wim and Borschensky, Christoph and Kr√§mer,
                        Michael and Kulesza, Anna and Laenen, Eric and Marzani,
                        Simone and Rojo, Juan",
      title          = "{NLO+NLL squark and gluino production cross-sections with
                        threshold-improved parton distributions}",
      year           = "2015",
      eprint         = "1510.00375",
      archivePrefix  = "arXiv",
      primaryClass   = "hep-ph",
      reportNumber   = "OUTP-15-18P, MS-TP-15-16, TTK-15-26, ITP-UU-15-13,
                        NIKHEF-2015-032",
      SLACcitation   = "%%CITATION = ARXIV:1510.00375;%%"
}
@article{Beenakker:2011fu,
      author         = "Beenakker, W. and Brensing, S. and Kramer, M. n and
                        Kulesza, A. and Laenen, E. and Motyka, L. and Niessen, I.",
      title          = "{Squark and Gluino Hadroproduction}",
      journal        = "Int. J. Mod. Phys.",
      volume         = "A26",
      year           = "2011",
      pages          = "2637-2664",
      doi            = "10.1142/S0217751X11053560",
      eprint         = "1105.1110",
      archivePrefix  = "arXiv",
      primaryClass   = "hep-ph",
      reportNumber   = "DESY-11-060, ITFA-11-09, ITP-UU-11-13, NIKHEF-2011-011,
                        TTK-11-12",
      SLACcitation   = "%%CITATION = ARXIV:1105.1110;%%"
}
@article{Beenakker:2010nq,
      author         = "Beenakker, Wim and Brensing, Silja and Kramer, Michael
                        and Kulesza, Anna and Laenen, Eric and Niessen, Irene",
      title          = "{Supersymmetric top and bottom squark production at
                        hadron colliders}",
      journal        = "JHEP",
      volume         = "08",
      year           = "2010",
      pages          = "098",
      doi            = "10.1007/JHEP08(2010)098",
      eprint         = "1006.4771",
      archivePrefix  = "arXiv",
      primaryClass   = "hep-ph",
      reportNumber   = "CERN-PH-TH-2010-142, ITFA-2010-015, ITP-UU-10-17,
                        NIKHEF-2010-016, TTK-10-33",
      SLACcitation   = "%%CITATION = ARXIV:1006.4771;%%"
}
@article{Beenakker:1997ut,
      author         = "Beenakker, W. and Kramer, M. and Plehn, T. and Spira, M.
                        and Zerwas, P. M.",
      title          = "{Stop production at hadron colliders}",
      journal        = "Nucl. Phys.",
      volume         = "B515",
      year           = "1998",
      pages          = "3-14",
      doi            = "10.1016/S0550-3213(98)00014-5",
      eprint         = "hep-ph/9710451",
      archivePrefix  = "arXiv",
      primaryClass   = "hep-ph",
      reportNumber   = "DESY-97-214, CERN-TH-97-177, RAL-TR-97-056",
      SLACcitation   = "%%CITATION = HEP-PH/9710451;%%"
}
@article{Beenakker:2011fu,
      author         = "Beenakker, W. and Brensing, S. and Kramer, M. n and
                        Kulesza, A. and Laenen, E. and Motyka, L. and Niessen, I.",
      title          = "{Squark and Gluino Hadroproduction}",
      journal        = "Int. J. Mod. Phys.",
      volume         = "A26",
      year           = "2011",
      pages          = "2637-2664",
      doi            = "10.1142/S0217751X11053560",
      eprint         = "1105.1110",
      archivePrefix  = "arXiv",
      primaryClass   = "hep-ph",
      reportNumber   = "DESY-11-060, ITFA-11-09, ITP-UU-11-13, NIKHEF-2011-011,
                        TTK-11-12",
      SLACcitation   = "%%CITATION = ARXIV:1105.1110;%%"
}
@article{Kulesza:2009kq,
      author         = "Kulesza, A. and Motyka, L.",
      title          = "{Soft gluon resummation for the production of
                        gluino-gluino and squark-antisquark pairs at the LHC}",
      journal        = "Phys. Rev.",
      volume         = "D80",
      year           = "2009",
      pages          = "095004",
      doi            = "10.1103/PhysRevD.80.095004",
      eprint         = "0905.4749",
      archivePrefix  = "arXiv",
      primaryClass   = "hep-ph",
      reportNumber   = "DESY-09-078, PITHA-09-11",
      SLACcitation   = "%%CITATION = ARXIV:0905.4749;%%"
}
@article{Kulesza:2008jb,
      author         = "Kulesza, A. and Motyka, L.",
      title          = "{Threshold resummation for squark-antisquark and
                        gluino-pair production at the LHC}",
      journal        = "Phys. Rev. Lett.",
      volume         = "102",
      year           = "2009",
      pages          = "111802",
      doi            = "10.1103/PhysRevLett.102.111802",
      eprint         = "0807.2405",
      archivePrefix  = "arXiv",
      primaryClass   = "hep-ph",
      reportNumber   = "DESY-08-096",
      SLACcitation   = "%%CITATION = ARXIV:0807.2405;%%"
}
@article{Beenakker:1996ch,
      author         = "Beenakker, W. and Hopker, R. and Spira, M. and Zerwas, P.
                        M.",
      title          = "{Squark and gluino production at hadron colliders}",
      journal        = "Nucl. Phys.",
      volume         = "B492",
      year           = "1997",
      pages          = "51-103",
      doi            = "10.1016/S0550-3213(97)80027-2",
      eprint         = "hep-ph/9610490",
      archivePrefix  = "arXiv",
      primaryClass   = "hep-ph",
      reportNumber   = "DESY-96-150, CERN-TH-96-215",
      SLACcitation   = "%%CITATION = HEP-PH/9610490;%%"
}
@article{Beenakker:2009ha,
      author         = "Beenakker, Wim and Brensing, Silja and Kramer, Michael
                        and Kulesza, Anna and Laenen, Eric and Niessen, Irene",
      title          = "{Soft-gluon resummation for squark and gluino
                        hadroproduction}",
      journal        = "JHEP",
      volume         = "12",
      year           = "2009",
      pages          = "041",
      doi            = "10.1088/1126-6708/2009/12/041",
      eprint         = "0909.4418",
      archivePrefix  = "arXiv",
      primaryClass   = "hep-ph",
      reportNumber   = "ITP-UU-09-33, NIKHEF-2009-015",
      SLACcitation   = "%%CITATION = ARXIV:0909.4418;%%"
}
@article{Allanach:2001kg,
      author         = "Allanach, B. C.",
      title          = "{SOFTSUSY: a program for calculating supersymmetric
                        spectra}",
      journal        = "Comput. Phys. Commun.",
      volume         = "143",
      year           = "2002",
      pages          = "305-331",
      doi            = "10.1016/S0010-4655(01)00460-X",
      eprint         = "hep-ph/0104145",
      archivePrefix  = "arXiv",
      primaryClass   = "hep-ph",
      reportNumber   = "CERN-TH-2001-102",
      SLACcitation   = "%%CITATION = HEP-PH/0104145;%%"
}
@article{Beenakker:1996ed,
      author         = "Beenakker, W. and Hopker, R. and Spira, M.",
      title          = "{PROSPINO: A Program for the production of supersymmetric
                        particles in next-to-leading order QCD}",
      year           = "1996",
      eprint         = "hep-ph/9611232",
      archivePrefix  = "arXiv",
      primaryClass   = "hep-ph",
      SLACcitation   = "%%CITATION = HEP-PH/9611232;%%"
}
@article{Martin:2005qm,
      author         = "Martin, Stephen P. and Robertson, David G.",
      title          = "{TSIL: A Program for the calculation of two-loop
                        self-energy integrals}",
      journal        = "Comput. Phys. Commun.",
      volume         = "174",
      year           = "2006",
      pages          = "133-151",
      doi            = "10.1016/j.cpc.2005.08.005",
      eprint         = "hep-ph/0501132",
      archivePrefix  = "arXiv",
      primaryClass   = "hep-ph",
      reportNumber   = "FERMILAB-PUB-05-683-T",
      SLACcitation   = "%%CITATION = HEP-PH/0501132;%%"
}
@article{Allanach:2014nba,
      author         = "Allanach, B. C. and Bednyakov, A. and Ruiz de Austri, R.",
      title          = "{Higher order corrections and unification in the minimal
                        supersymmetric standard model: SOFTSUSY3.5}",
      journal        = "Comput. Phys. Commun.",
      volume         = "189",
      year           = "2015",
      pages          = "192-206",
      doi            = "10.1016/j.cpc.2014.12.006",
      eprint         = "1407.6130",
      archivePrefix  = "arXiv",
      primaryClass   = "hep-ph",
      reportNumber   = "DAMTP-2014-42, IFIC-14-47",
      SLACcitation   = "%%CITATION = ARXIV:1407.6130;%%"
}
@article{Martin:2006ub,
      author         = "Martin, Stephen P.",
      title          = "{Refined gluino and squark pole masses beyond leading
                        order}",
      journal        = "Phys. Rev.",
      volume         = "D74",
      year           = "2006",
      pages          = "075009",
      doi            = "10.1103/PhysRevD.74.075009",
      eprint         = "hep-ph/0608026",
      archivePrefix  = "arXiv",
      primaryClass   = "hep-ph",
      reportNumber   = "FERMILAB-PUB-06-595-T",
      SLACcitation   = "%%CITATION = HEP-PH/0608026;%%"
}
@article{Jack:1994rk,
      author         = "Jack, Ian and Jones, D. R. Timothy and Martin, Stephen P.
                        and Vaughn, Michael T. and Yamada, Youichi",
      title          = "{Decoupling of the epsilon scalar mass in softly broken
                        supersymmetry}",
      journal        = "Phys. Rev.",
      volume         = "D50",
      year           = "1994",
      pages          = "5481-5483",
      doi            = "10.1103/PhysRevD.50.R5481",
      eprint         = "hep-ph/9407291",
      archivePrefix  = "arXiv",
      primaryClass   = "hep-ph",
      reportNumber   = "LTH-336, NUB-3094-94-TH, KEK-TH-404",
      SLACcitation   = "%%CITATION = HEP-PH/9407291;%%"
}
@article{Martin:2005ch,
      author         = "Martin, Stephen P.",
      title          = "{Fermion self-energies and pole masses at two-loop order
                        in a general renormalizable theory with massless gauge
                        bosons}",
      journal        = "Phys. Rev.",
      volume         = "D72",
      year           = "2005",
      pages          = "096008",
      doi            = "10.1103/PhysRevD.72.096008",
      eprint         = "hep-ph/0509115",
      archivePrefix  = "arXiv",
      primaryClass   = "hep-ph",
      reportNumber   = "FERMILAB-PUB-05-682-T",
      SLACcitation   = "%%CITATION = HEP-PH/0509115;%%"
}
@article{Martin:2005eg,
      author         = "Martin, Stephen P.",
      title          = "{Two-loop scalar self-energies and pole masses in a
                        general renormalizable theory with massless gauge bosons}",
      journal        = "Phys. Rev.",
      volume         = "D71",
      year           = "2005",
      pages          = "116004",
      doi            = "10.1103/PhysRevD.71.116004",
      eprint         = "hep-ph/0502168",
      archivePrefix  = "arXiv",
      primaryClass   = "hep-ph",
      reportNumber   = "FERMILAB-PUB-05-080-T",
      SLACcitation   = "%%CITATION = HEP-PH/0502168;%%"
}
@article{Allanach:2014nba,
      author         = "Allanach, B. C. and Bednyakov, A. and Ruiz de Austri, R.",
      title          = "{Higher order corrections and unification in the minimal
                        supersymmetric standard model: SOFTSUSY3.5}",
      journal        = "Comput. Phys. Commun.",
      volume         = "189",
      year           = "2015",
      pages          = "192-206",
      doi            = "10.1016/j.cpc.2014.12.006",
      eprint         = "1407.6130",
      archivePrefix  = "arXiv",
      primaryClass   = "hep-ph",
      reportNumber   = "DAMTP-2014-42, IFIC-14-47",
      SLACcitation   = "%%CITATION = ARXIV:1407.6130;%%"
}
@article{Allanach:2009bv,
      author         = "Allanach, B. C. and Bernhardt, M. A.",
      title          = "{Including R-parity violation in the numerical
                        computation of the spectrum of the minimal supersymmetric
                        standard model: SOFTSUSY}",
      journal        = "Comput. Phys. Commun.",
      volume         = "181",
      year           = "2010",
      pages          = "232-245",
      doi            = "10.1016/j.cpc.2009.09.015",
      eprint         = "0903.1805",
      archivePrefix  = "arXiv",
      primaryClass   = "hep-ph",
      reportNumber   = "DAMTP-2009-23",
      SLACcitation   = "%%CITATION = ARXIV:0903.1805;%%"
}
@article{Allanach:2013kza,
      author         = "Allanach, B. C. and Athron, P. and Tunstall, Lewis C. and
                        Voigt, A. and Williams, A. G.",
      title          = "{Next-to-Minimal SOFTSUSY}",
      journal        = "Comput. Phys. Commun.",
      volume         = "185",
      year           = "2014",
      pages          = "2322-2339",
      doi            = "10.1016/j.cpc.2014.04.015",
      eprint         = "1311.7659",
      archivePrefix  = "arXiv",
      primaryClass   = "hep-ph",
      reportNumber   = "ADP-13-33-T853",
      SLACcitation   = "%%CITATION = ARXIV:1311.7659;%%"
}
@article{Djouadi:2002ze,
      author         = "Djouadi, Abdelhak and Kneur, Jean-Loic and Moultaka,
                        Gilbert",
      title          = "{SuSpect: A Fortran code for the supersymmetric and Higgs
                        particle spectrum in the MSSM}",
      journal        = "Comput. Phys. Commun.",
      volume         = "176",
      year           = "2007",
      pages          = "426-455",
      doi            = "10.1016/j.cpc.2006.11.009",
      eprint         = "hep-ph/0211331",
      archivePrefix  = "arXiv",
      primaryClass   = "hep-ph",
      reportNumber   = "PM-02-39, CERN-TH-2002-325",
      SLACcitation   = "%%CITATION = HEP-PH/0211331;%%"
}
@article{Porod:2003um,
      author         = "Porod, Werner",
      title          = "{SPheno, a program for calculating supersymmetric
                        spectra, SUSY particle decays and SUSY particle production
                        at e+ e- colliders}",
      journal        = "Comput. Phys. Commun.",
      volume         = "153",
      year           = "2003",
      pages          = "275-315",
      doi            = "10.1016/S0010-4655(03)00222-4",
      eprint         = "hep-ph/0301101",
      archivePrefix  = "arXiv",
      primaryClass   = "hep-ph",
      reportNumber   = "ZU-TH-01-03",
      SLACcitation   = "%%CITATION = HEP-PH/0301101;%%"
}
@article{Ellwanger:2006rn,
      author         = "Ellwanger, Ulrich and Hugonie, Cyril",
      title          = "{NMSPEC: A Fortran code for the sparticle and Higgs
                        masses in the NMSSM with GUT scale boundary conditions}",
      journal        = "Comput. Phys. Commun.",
      volume         = "177",
      year           = "2007",
      pages          = "399-407",
      doi            = "10.1016/j.cpc.2007.05.001",
      eprint         = "hep-ph/0612134",
      archivePrefix  = "arXiv",
      primaryClass   = "hep-ph",
      reportNumber   = "LPT-ORSAY-06-79, LPTA-MONTPELLIER-06-6",
      SLACcitation   = "%%CITATION = HEP-PH/0612134;%%"
}
@article{Staub:2008uz,
      author         = "Staub, F.",
      title          = "{SARAH}",
      year           = "2008",
      eprint         = "0806.0538",
      archivePrefix  = "arXiv",
      primaryClass   = "hep-ph",
      SLACcitation   = "%%CITATION = ARXIV:0806.0538;%%"
}

@article{Athron:2014yba,
      author         = "Athron, Peter and Park, Jae-hyeon and St√∂ckinger,
                        Dominik and Voigt, Alexander",
      title          = "{FlexibleSUSY - A spectrum generator generator for
                        supersymmetric models}",
      journal        = "Comput. Phys. Commun.",
      volume         = "190",
      year           = "2015",
      pages          = "139-172",
      doi            = "10.1016/j.cpc.2014.12.020",
      eprint         = "1406.2319",
      archivePrefix  = "arXiv",
      primaryClass   = "hep-ph",
      reportNumber   = "FTUV-14-3904, IFIC-14-40",
      SLACcitation   = "%%CITATION = ARXIV:1406.2319;%%"
}
@article{Skands:2003cj,
      author         = "Skands, Peter Z. and others",
      title          = "{SUSY Les Houches accord: Interfacing SUSY spectrum
                        calculators, decay packages, and event generators}",
      journal        = "JHEP",
      volume         = "07",
      year           = "2004",
      pages          = "036",
      doi            = "10.1088/1126-6708/2004/07/036",
      eprint         = "hep-ph/0311123",
      archivePrefix  = "arXiv",
      primaryClass   = "hep-ph",
      reportNumber   = "LU-TP-03-39, SHEP-03-24, CERN-TH-2003-204, ZU-TH-15-03,
                        LMU-19-03, DCPT-03-108, IPPP-03-54, CTS-IISC-2003-07,
                        DESY-03-166, MPP-2003-111",
      SLACcitation   = "%%CITATION = HEP-PH/0311123;%%"
}
@article{Allanach:2008qq,
      author         = "Allanach, B. C. and others",
      title          = "{SUSY Les Houches Accord 2}",
      journal        = "Comput. Phys. Commun.",
      volume         = "180",
      year           = "2009",
      pages          = "8-25",
      doi            = "10.1016/j.cpc.2008.08.004",
      eprint         = "0801.0045",
      archivePrefix  = "arXiv",
      primaryClass   = "hep-ph",
      reportNumber   = "FERMILAB-PUB-07-036-T, SLAC-PUB-12765,
                        CERN-PH-TH-2007-148, DAMTP-2007-76, EDINBURGH-2007-31,
                        KEK-TH-1170, LAPTH-1204-07, LPT-ORSAY-07-81, SHEP-07-13",
      SLACcitation   = "%%CITATION = ARXIV:0801.0045;%%"
}
@article{Chowdhury:2011zr,
      author         = "Chowdhury, Debtosh and Garani, Raghuveer and Vempati,
                        Sudhir K",
      title          = "{SUSEFLAV: Program for supersymmetric mass spectra with
                        seesaw mechanism and rare lepton flavor violating decays}",
      journal        = "Comput. Phys. Commun.",
      volume         = "184",
      year           = "2013",
      pages          = "899-918",
      doi            = "10.1016/j.cpc.2012.10.031",
      eprint         = "1109.3551",
      archivePrefix  = "arXiv",
      primaryClass   = "hep-ph",
      SLACcitation   = "%%CITATION = ARXIV:1109.3551;%%"
}
@article{Allanach:2004ud,
      author         = "Allanach, B. C. and Blair, G. A. and Kraml, S. and
                        Martyn, H. U. and Polesello, G. and Porod, W. and Zerwas,
                        P. M.",
      title          = "{Reconstructing supersymmetric theories by coherent LHC /
                        LC analyses}",
      year           = "2004",
      eprint         = "hep-ph/0403133",
      archivePrefix  = "arXiv",
      primaryClass   = "hep-ph",
      reportNumber   = "CERN-PH-TH-2004-044, DESY-04-044, HEPHY-PUB-786-04,
                        LAPTH-1032-04, ZU-TH-04-04",
      SLACcitation   = "%%CITATION = HEP-PH/0403133;%%"
}
@article{Allanach:2004ed,
      author         = "Allanach, B. C. and Blair, G. A. and Freitas, A. and
                        Kraml, S. and Martyn, H. U. and Polesello, G. and Porod,
                        W. and Zerwas, P. M.",
      title          = "{SUSY parameter analysis at TeV and Planck scales}",
      booktitle      = "{Loops and legs in quantum field theory. Proceedings, 7th
                        Workshop on Elementary Particle Theory, Zinnowitz,
                        Germany, April 25-30, 2004}",
      journal        = "Nucl. Phys. Proc. Suppl.",
      volume         = "135",
      year           = "2004",
      pages          = "107-113",
      doi            = "10.1016/j.nuclphysbps.2004.09.052",
      note           = "[,107(2004)]",
      eprint         = "hep-ph/0407067",
      archivePrefix  = "arXiv",
      primaryClass   = "hep-ph",
      reportNumber   = "FERMILAB-CONF-04-421-T, DESY-04-066",
      SLACcitation   = "%%CITATION = HEP-PH/0407067;%%"
}
@article{Paige:2003mg,
      author         = "Paige, Frank E. and Protopopescu, Serban D. and Baer,
                        Howard and Tata, Xerxes",
      title          = "{ISAJET 7.69: A Monte Carlo event generator for pp,
                        anti-p p, and e+e- reactions}",
      year           = "2003",
      eprint         = "hep-ph/0312045",
      archivePrefix  = "arXiv",
      primaryClass   = "hep-ph",
      SLACcitation   = "%%CITATION = HEP-PH/0312045;%%"
}
