@article{AbdusSalam:2011fc,
      author         = "AbdusSalam, S.S. and Allanach, B.C. and Dreiner, H.K. and
                        Ellis, J. and Ellwanger, U. and others",
      title          = "{Benchmark Models, Planes, Lines and Points for Future
                        SUSY Searches at the LHC}",
      journal        = "Eur.Phys.J.",
      volume         = "C71",
      pages          = "1835",
      doi            = "10.1140/epjc/s10052-011-1835-7",
      year           = "2011",
      eprint         = "1109.3859",
      archivePrefix  = "arXiv",
      primaryClass   = "hep-ph",
      reportNumber   = "CERN-PH-TH-2011-224, DAMTP-2011-69, DESY-11-090,
                        FTPI-MINN-11-22, KCL-PH-TH-2011-30, LCTS-2011-15,
                        LPT-ORSAY-11-76, TTK-11-41, UMN-TH-3012-11",
      SLACcitation   = "%%CITATION = ARXIV:1109.3859;%%",
}
@article{Allanach:2001kg,
      author         = "Allanach, B.C.",
      title          = "{SOFTSUSY: a program for calculating supersymmetric
                        spectra}",
      journal        = "Comput.Phys.Commun.",
      volume         = "143",
      pages          = "305-331",
      doi            = "10.1016/S0010-4655(01)00460-X",
      year           = "2002",
      eprint         = "hep-ph/0104145",
      archivePrefix  = "arXiv",
      primaryClass   = "hep-ph",
      reportNumber   = "CERN-TH-2001-102",
      SLACcitation   = "%%CITATION = HEP-PH/0104145;%%",
}
@article{Djouadi:2002ze,
      author         = "Djouadi, Abdelhak and Kneur, Jean-Loic and Moultaka,
                        Gilbert",
      title          = "{SuSpect: A Fortran code for the supersymmetric and Higgs
                        particle spectrum in the MSSM}",
      journal        = "Comput.Phys.Commun.",
      volume         = "176",
      pages          = "426-455",
      doi            = "10.1016/j.cpc.2006.11.009",
      year           = "2007",
      eprint         = "hep-ph/0211331",
      archivePrefix  = "arXiv",
      primaryClass   = "hep-ph",
      reportNumber   = "PM-02-39, CERN-TH-2002-325",
      SLACcitation   = "%%CITATION = HEP-PH/0211331;%%",
}
@article{Chowdhury:2011zr,
      author         = "Chowdhury, Debtosh and Garani, Raghuveer and Vempati,
                        Sudhir K",
      title          = "{SUSEFLAV: Program for supersymmetric mass spectra with
                        seesaw mechanism and rare lepton flavor violating decays}",
      journal        = "Comput.Phys.Commun.",
      volume         = "184",
      pages          = "899-918",
      doi            = "10.1016/j.cpc.2012.10.031",
      year           = "2013",
      eprint         = "1109.3551",
      archivePrefix  = "arXiv",
      primaryClass   = "hep-ph",
      SLACcitation   = "%%CITATION = ARXIV:1109.3551;%%",
}
@article{Allanach:2009bv,
      author         = "Allanach, B.C. and Bernhardt, M.A.",
      title          = "{Including R-parity violation in the numerical
                        computation of the spectrum of the minimal supersymmetric
                        standard model: SOFTSUSY}",
      journal        = "Comput.Phys.Commun.",
      volume         = "181",
      pages          = "232-245",
      doi            = "10.1016/j.cpc.2009.09.015",
      year           = "2010",
      eprint         = "0903.1805",
      archivePrefix  = "arXiv",
      primaryClass   = "hep-ph",
      reportNumber   = "DAMTP-2009-23",
      SLACcitation   = "%%CITATION = ARXIV:0903.1805;%%",
}
@article{Aad:2012tfa,
      author         = "Aad, Georges and others",
      title          = "{Observation of a new particle in the search for the
                        Standard Model Higgs boson with the ATLAS detector at the
                        LHC}",
      collaboration  = "ATLAS Collaboration",
      journal        = "Phys.Lett.",
      volume         = "B716",
      pages          = "1-29",
      doi            = "10.1016/j.physletb.2012.08.020",
      year           = "2012",
      eprint         = "1207.7214",
      archivePrefix  = "arXiv",
      primaryClass   = "hep-ex",
      reportNumber   = "CERN-PH-EP-2012-218",
      SLACcitation   = "%%CITATION = ARXIV:1207.7214;%%",
}
@techreport{ATLAS-CONF-2013-014,
      title         = "{Combined measurements of the mass and signal strength of
                       the Higgs-like boson with the ATLAS detector using up to 25
                       fb$^{-1}$ of proton-proton collision data}",
      institution   = "CERN",
      collaboration = "ATLAS Collaboration",
      address       = "Geneva",
      number        = "ATLAS-CONF-2013-014",
      month         = "Mar",
      year          = "2013",
}
@article{Chatrchyan:2012ufa,
      author         = "Chatrchyan, Serguei and others",
      title          = "{Observation of a new boson at a mass of 125 GeV with the
                        CMS experiment at the LHC}",
      collaboration  = "CMS Collaboration",
      journal        = "Phys.Lett.",
      volume         = "B716",
      pages          = "30-61",
      doi            = "10.1016/j.physletb.2012.08.021",
      year           = "2012",
      eprint         = "1207.7235",
      archivePrefix  = "arXiv",
      primaryClass   = "hep-ex",
      reportNumber   = "CMS-HIG-12-028, CERN-PH-EP-2012-220",
      SLACcitation   = "%%CITATION = ARXIV:1207.7235;%%",
}
@article{Allanach:2011de,
      author         = "Allanach, B.C. and Kom, C.H. and Hanussek, M.",
      title          = "{Computation of Neutrino Masses in R-parity Violating
                        Supersymmetry: SOFTSUSY3.2}",
      journal        = "Comput.Phys.Commun.",
      volume         = "183",
      pages          = "785-793",
      doi            = "10.1016/j.cpc.2011.11.024",
      year           = "2012",
      eprint         = "1109.3735",
      archivePrefix  = "arXiv",
      primaryClass   = "hep-ph",
      SLACcitation   = "%%CITATION = ARXIV:1109.3735;%%",
}
@article{Allanach:2013kza,
      author         = "Allanach, B.C. and Athron, P. and Tunstall, Lewis C. and
                        Voigt, A. and Williams, A.G.",
      title          = "{Next-to-Minimal SOFTSUSY}",
      year           = "2013",
      eprint         = "1311.7659",
      archivePrefix  = "arXiv",
      primaryClass   = "hep-ph",
      reportNumber   = "ADP-13-33-T853, ADP-13-33-T853",
      SLACcitation   = "%%CITATION = ARXIV:1311.7659;%%",
}
@article{Porod:2003um,
      author         = "Porod, Werner",
      title          = "{SPheno, a program for calculating supersymmetric
                        spectra, SUSY particle decays and SUSY particle production
                        at e+ e- colliders}",
      journal        = "Comput.Phys.Commun.",
      volume         = "153",
      pages          = "275-315",
      doi            = "10.1016/S0010-4655(03)00222-4",
      year           = "2003",
      eprint         = "hep-ph/0301101",
      archivePrefix  = "arXiv",
      primaryClass   = "hep-ph",
      reportNumber   = "ZU-TH-01-03",
      SLACcitation   = "%%CITATION = HEP-PH/0301101;%%",
}
@article{Paige:2003mg,
      author         = "Paige, Frank E. and Protopopescu, Serban D. and Baer,
                        Howard and Tata, Xerxes",
      title          = "{ISAJET 7.69: A Monte Carlo event generator for pp,
                        anti-p p, and e+e- reactions}",
      year           = "2003",
      eprint         = "hep-ph/0312045",
      archivePrefix  = "arXiv",
      primaryClass   = "hep-ph",
      SLACcitation   = "%%CITATION = HEP-PH/0312045;%%",
}
@article{Allanach:2003jw,
      author         = "Allanach, B.C. and Kraml, S. and Porod, W.",
      title          = "{Theoretical uncertainties in sparticle mass predictions
                        from computational tools}",
      journal        = "JHEP",
      volume         = "0303",
      pages          = "016",
      doi            = "10.1088/1126-6708/2003/03/016",
      year           = "2003",
      eprint         = "hep-ph/0302102",
      archivePrefix  = "arXiv",
      primaryClass   = "hep-ph",
      reportNumber   = "CERN-TH-2003-029, LAP-TH-963-03, ZU-TH-03-03",
      SLACcitation   = "%%CITATION = HEP-PH/0302102;%%",
}
@article{Belanger:2005jk,
      author         = "Belanger, G. and Kraml, S. and Pukhov, A.",
      title          = "{Comparison of SUSY spectrum calculations and impact on
                        the relic density constraints from WMAP}",
      journal        = "Phys.Rev.",
      volume         = "D72",
      pages          = "015003",
      doi            = "10.1103/PhysRevD.72.015003",
      year           = "2005",
      eprint         = "hep-ph/0502079",
      archivePrefix  = "arXiv",
      primaryClass   = "hep-ph",
      reportNumber   = "LAPTH-1079-04, CERN-PH-TH-2004-253",
      SLACcitation   = "%%CITATION = HEP-PH/0502079;%%",
}

@article{Allanach:2004rh,
      author         = "Allanach, B.C. and Djouadi, A. and Kneur, J.L. and Porod,
                        W. and Slavich, P.",
      title          = "{Precise determination of the neutral Higgs boson masses
                        in the MSSM}",
      journal        = "JHEP",
      volume         = "0409",
      pages          = "044",
      doi            = "10.1088/1126-6708/2004/09/044",
      year           = "2004",
      eprint         = "hep-ph/0406166",
      archivePrefix  = "arXiv",
      primaryClass   = "hep-ph",
      reportNumber   = "MPP-2004-50, LAPTH-1046-04, PM-04-13, ZU-TH-08-04,
                        IFIC-04-21",
      SLACcitation   = "%%CITATION = HEP-PH/0406166;%%",
}
@article{Aad:2013wta,
      author         = "Aad, Georges and others",
      title          = "{Search for new phenomena in final states with large jet
                        multiplicities and missing transverse momentum at
                        sqrt(s)=8 TeV proton-proton collisions using the ATLAS
                        experiment}",
      collaboration  = "ATLAS Collaboration",
      journal        = "JHEP",
      volume         = "1310",
      pages          = "130",
      doi            = "10.1007/JHEP10(2013)130",
      year           = "2013",
      eprint         = "1308.1841",
      archivePrefix  = "arXiv",
      primaryClass   = "hep-ex",
      reportNumber   = "CERN-PH-EP-2013-110",
      SLACcitation   = "%%CITATION = ARXIV:1308.1841;%%",
}
@article{Chatrchyan:2014lfa,
      author         = "Chatrchyan, Serguei and others",
      title          = "{Search for new physics in the multijet and missing
                        transverse momentum final state in proton-proton
                        collisions at $\sqrt{s}$ = 8 TeV}",
      collaboration  = "CMS Collaboration",
      year           = "2014",
      eprint         = "1402.4770",
      archivePrefix  = "arXiv",
      primaryClass   = "hep-ex",
      reportNumber   = "CMS-SUS-13-012, CERN-PH-EP-2014-015",
      SLACcitation   = "%%CITATION = ARXIV:1402.4770;%%",
}
